@misc{MechanicalTurk,
  title = {{Mechanical Turk}},
  url = {https://www.mturk.com/},
  note = {Accessed: 2016-04-27}
}
@misc{Python,
  title = {{Python}},
  url = {https://www.python.org/},
  note = {Accessed: 2015-12-13}
}
@misc{Elasitcsearch,
  title = {{Elasticsearch}},
  url = {https://www.elastic.co/},
  note = {Accessed: 2015-12-10}
}
@misc{GoogleTranslate,
  title = {{Google Translate}},
  url = {https://translate.google.com/},
  note = {Accessed: 2016-04-27}
}
@misc{SBWCE,
  title = {{Spanish Billion Words Corpus and Embeddings}},
  author = {Cardellino, Cristian},
  url = {http://crscardellino.me/SBWCE/},
  note = {Accessed: 2016-04-27}
}
